@article{chapman2000crisp,
  title={CRISP-DM 1.0: Step-by-step data mining guide},
  author={Chapman, Pete and Clinton, Julian and Kerber, Randy and Khabaza, Thomas and Reinartz, Thomas and Shearer, Colin and Wirth, Rudiger and others},
  journal={SPSS inc},
  volume={9},
  pages={13},
  year={2000}
}
@article{dumais2004latent,
  title={Latent semantic analysis},
  author={Dumais, Susan T},
  journal={Annual review of information science and technology},
  volume={38},
  number={1},
  pages={188--230},
  year={2004},
  publisher={Wiley Online Library}
}
@inproceedings{xu2003document,
  title={Document clustering based on non-negative matrix factorization},
  author={Xu, Wei and Liu, Xin and Gong, Yihong},
  booktitle={Proceedings of the 26th annual international ACM SIGIR conference on Research and development in informaion retrieval},
  pages={267--273},
  year={2003}
}
@article{blei2003latent,
  title={Latent dirichlet allocation},
  author={Blei, David M and Ng, Andrew Y and Jordan, Michael I},
  journal={Journal of machine Learning research},
  volume={3},
  number={Jan},
  pages={993--1022},
  year={2003}
}
@inproceedings{teh2005sharing,
  title={Sharing clusters among related groups: Hierarchical Dirichlet processes},
  author={Teh, Yee W and Jordan, Michael I and Beal, Matthew J and Blei, David M},
  booktitle={Advances in neural information processing systems},
  pages={1385--1392},
  year={2005}
}
@inproceedings{stevens2012exploring,
  title={Exploring topic coherence over many models and many topics},
  author={Stevens, Keith and Kegelmeyer, Philip and Andrzejewski, David and Buttler, David},
  booktitle={Proceedings of the 2012 Joint Conference on Empirical Methods in Natural Language Processing and Computational Natural Language Learning},
  pages={952--961},
  year={2012},
  organization={Association for Computational Linguistics}
}
@inproceedings{blei2006dynamic,
  title={Dynamic topic models},
  author={Blei, David M and Lafferty, John D},
  booktitle={Proceedings of the 23rd international conference on Machine learning},
  pages={113--120},
  year={2006}
}
@inproceedings{wang2006topics,
  title={Topics over time: a non-Markov continuous-time model of topical trends},
  author={Wang, Xuerui and McCallum, Andrew},
  booktitle={Proceedings of the 12th ACM SIGKDD international conference on Knowledge discovery and data mining},
  pages={424--433},
  year={2006}
}
@article{ahmed2012timeline,
  title={Timeline: A dynamic hierarchical Dirichlet process model for recovering birth/death and evolution of topics in text stream},
  author={Ahmed, Amr and Xing, Eric P},
  journal={arXiv preprint arXiv:1203.3463},
  year={2012}
}
@article{wilson2011tracking,
  title={Tracking Topic Birth and Death in LDA},
  author={Wilson, Andrew T and Robinson, David G},
  journal={Sandia National Laboratories},
  year={2011}
}
@article{beykikhoshk2018discovering,
  title={Discovering topic structures of a temporally evolving document corpus},
  author={Beykikhoshk, Adham and Arandjelovi{\'c}, Ognjen and Phung, Dinh and Venkatesh, Svetha},
  journal={Knowledge and Information Systems},
  volume={55},
  number={3},
  pages={599--632},
  year={2018},
  publisher={Springer}
}

@inproceedings{kusner2015word,
  title={From word embeddings to document distances},
  author={Kusner, Matt and Sun, Yu and Kolkin, Nicholas and Weinberger, Kilian},
  booktitle={International conference on machine learning},
  pages={957--966},
  year={2015}
}

@inproceedings{mikolov2013distributed,
  title={Distributed representations of words and phrases and their compositionality},
  author={Mikolov, Tomas and Sutskever, Ilya and Chen, Kai and Corrado, Greg S and Dean, Jeff},
  booktitle={Advances in neural information processing systems},
  pages={3111--3119},
  year={2013}
}