@article{dumais2004latent,
  title={Latent semantic analysis},
  author={Dumais, Susan T},
  journal={Annual review of information science and technology},
  volume={38},
  number={1},
  pages={188--230},
  year={2004},
  publisher={Wiley Online Library}
}
@inproceedings{xu2003document,
  title={Document clustering based on non-negative matrix factorization},
  author={Xu, Wei and Liu, Xin and Gong, Yihong},
  booktitle={Proceedings of the 26th annual international ACM SIGIR conference on Research and development in informaion retrieval},
  pages={267--273},
  year={2003}
}
@article{blei2003latent,
  title={Latent dirichlet allocation},
  author={Blei, David M and Ng, Andrew Y and Jordan, Michael I},
  journal={Journal of machine Learning research},
  volume={3},
  number={Jan},
  pages={993--1022},
  year={2003}
}
@inproceedings{teh2005sharing,
  title={Sharing clusters among related groups: Hierarchical Dirichlet processes},
  author={Teh, Yee W and Jordan, Michael I and Beal, Matthew J and Blei, David M},
  booktitle={Advances in neural information processing systems},
  pages={1385--1392},
  year={2005}
}
@inproceedings{stevens2012exploring,
  title={Exploring topic coherence over many models and many topics},
  author={Stevens, Keith and Kegelmeyer, Philip and Andrzejewski, David and Buttler, David},
  booktitle={Proceedings of the 2012 Joint Conference on Empirical Methods in Natural Language Processing and Computational Natural Language Learning},
  pages={952--961},
  year={2012},
  organization={Association for Computational Linguistics}
}
@inproceedings{blei2006dynamic,
  title={Dynamic topic models},
  author={Blei, David M and Lafferty, John D},
  booktitle={Proceedings of the 23rd international conference on Machine learning},
  pages={113--120},
  year={2006}
}
@inproceedings{wang2006topics,
  title={Topics over time: a non-Markov continuous-time model of topical trends},
  author={Wang, Xuerui and McCallum, Andrew},
  booktitle={Proceedings of the 12th ACM SIGKDD international conference on Knowledge discovery and data mining},
  pages={424--433},
  year={2006}
}
@article{ahmed2012timeline,
  title={Timeline: A dynamic hierarchical Dirichlet process model for recovering birth/death and evolution of topics in text stream},
  author={Ahmed, Amr and Xing, Eric P},
  journal={arXiv preprint arXiv:1203.3463},
  year={2012}
}
@article{wilson2011tracking,
  title={Tracking Topic Birth and Death in LDA},
  author={Wilson, Andrew T and Robinson, David G},
  journal={Sandia National Laboratories},
  year={2011}
}
@article{beykikhoshk2018discovering,
  title={Discovering topic structures of a temporally evolving document corpus},
  author={Beykikhoshk, Adham and Arandjelovi{\'c}, Ognjen and Phung, Dinh and Venkatesh, Svetha},
  journal={Knowledge and Information Systems},
  volume={55},
  number={3},
  pages={599--632},
  year={2018},
  publisher={Springer}
}

@inproceedings{kusner2015word,
  title={From word embeddings to document distances},
  author={Kusner, Matt and Sun, Yu and Kolkin, Nicholas and Weinberger, Kilian},
  booktitle={International conference on machine learning},
  pages={957--966},
  year={2015}
}

@inproceedings{mikolov2013distributed,
  title={Distributed representations of words and phrases and their compositionality},
  author={Mikolov, Tomas and Sutskever, Ilya and Chen, Kai and Corrado, Greg S and Dean, Jeff},
  booktitle={Advances in neural information processing systems},
  pages={3111--3119},
  year={2013}
}

@book{bird2009natural,
  title={Natural language processing with Python: analyzing text with the natural language toolkit},
  author={Bird, Steven and Klein, Ewan and Loper, Edward},
  year={2009},
  publisher={" O'Reilly Media, Inc."}
}

@article{porter1980algorithm,
  title={An algorithm for suffix stripping.},
  author={Porter, Martin F and others},
  journal={Program},
  volume={14},
  number={3},
  pages={130--137},
  year={1980},
  publisher={Citeseer}
}

@unpublished{spacy2,
    AUTHOR = {Honnibal, Matthew and Montani, Ines},
    TITLE  = {{spaCy 2}: Natural language understanding with {B}loom embeddings, convolutional neural networks and incremental parsing},
    YEAR   = {2017},
    Note   = {To appear}
}

@article{griffiths2004finding,
  title={Finding scientific topics},
  author={Griffiths, Thomas L and Steyvers, Mark},
  journal={Proceedings of the National academy of Sciences},
  volume={101},
  number={suppl 1},
  pages={5228--5235},
  year={2004},
  publisher={National Acad Sciences}
}

@article{bojanowski2017enriching,
  title={Enriching word vectors with subword information},
  author={Bojanowski, Piotr and Grave, Edouard and Joulin, Armand and Mikolov, Tomas},
  journal={Transactions of the Association for Computational Linguistics},
  volume={5},
  pages={135--146},
  year={2017},
  publisher={MIT Press}
}

@misc{josecanneteSUC,
     author = {José Cañete},
     title = {Spanish {U}nannotated {C}orpora},
     url = {https://github.com/josecannete/spanish-corpora},
     year = {2019}
}

@misc{fastextSUC,
  author = {José Cañete},
  title = {FastText embeddings from {SUC}},
  year = {2019},
  publisher = {BotCenter},
  journal = {GitHub repository},
  howpublished = {\url{https://github.com/BotCenter/spanishWordEmbeddings}},
}

@inproceedings{pele2009fast,
  title={Fast and robust earth mover's distances},
  author={Pele, Ofir and Werman, Michael},
  booktitle={2009 IEEE 12th International Conference on Computer Vision},
  pages={460--467},
  year={2009},
  organization={IEEE}
}

@Misc{PyEMD,
  author =    {Gary Doran},
  title =     {{PyEMD}: Earth Mover's Distance for {Python}},
  year =      {2014},
  url = "https://github.com/garydoranjr/pyemd",
}

@Misc{HDP,
  author =    { Chong Wang and David Blei},
  title =     {{HDP}: Hierarchical Dirichlet Process {C++}},
  year =      {2010},
  url = "https://github.com/blei-lab/hdp",
}

@Misc{WMDPy,
  author =    {Vlad Niculae},
  title =     {Word Mover’s Distance in Python},
  year =      {2015},
  url = "http://vene.ro/blog/word-movers-distance-in-python.html",
}

@inproceedings{sievert2014ldavis,
  title={LDAvis: A method for visualizing and interpreting topics},
  author={Sievert, Carson and Shirley, Kenneth},
  booktitle={Proceedings of the workshop on interactive language learning, visualization, and interfaces},
  pages={63--70},
  year={2014}
}

@article{maaten2008visualizing,
  title={Visualizing data using t-SNE},
  author={Maaten, Laurens van der and Hinton, Geoffrey},
  journal={Journal of machine learning research},
  volume={9},
  number={Nov},
  pages={2579--2605},
  year={2008}
}

@article{wold1987principal,
  title={Principal component analysis},
  author={Wold, Svante and Esbensen, Kim and Geladi, Paul},
  journal={Chemometrics and intelligent laboratory systems},
  volume={2},
  number={1-3},
  pages={37--52},
  year={1987},
  publisher={Elsevier}
}

@article{endres2003new,
  title={A new metric for probability distributions},
  author={Endres, Dominik Maria and Schindelin, Johannes E},
  journal={IEEE Transactions on Information theory},
  volume={49},
  number={7},
  pages={1858--1860},
  year={2003},
  publisher={IEEE}
}

@phdthesis{sudderth2006graphical,
  title={Graphical models for visual object recognition and tracking},
  author={Sudderth, Erik Blaine},
  year={2006},
  school={Massachusetts Institute of Technology}
}

@article{nigam2000text,
  title={Text classification from labeled and unlabeled documents using EM},
  author={Nigam, Kamal and McCallum, Andrew Kachites and Thrun, Sebastian and Mitchell, Tom},
  journal={Machine learning},
  volume={39},
  number={2-3},
  pages={103--134},
  year={2000},
  publisher={Springer}
}

@article{sethuraman1994constructive,
  title={A constructive definition of Dirichlet priors},
  author={Sethuraman, Jayaram},
  journal={Statistica sinica},
  pages={639--650},
  year={1994},
  publisher={JSTOR}
}

@incollection{aldous1985exchangeability,
  title={Exchangeability and related topics},
  author={Aldous, David J},
  booktitle={{\'E}cole d'{\'E}t{\'e} de Probabilit{\'e}s de Saint-Flour XIII—1983},
  pages={1--198},
  year={1985},
  publisher={Springer}
}

@article{ferguson1973bayesian,
  title={A Bayesian analysis of some nonparametric problems},
  author={Ferguson, Thomas S},
  journal={The annals of statistics},
  pages={209--230},
  year={1973},
  publisher={JSTOR}
}

@misc{minka2000estimating,
  title={Estimating a Dirichlet distribution},
  author={Minka, Thomas},
  year={2000},
  publisher={Technical report, MIT}
}

@article{orbanz2012lecture,
  title={Lecture notes on bayesian nonparametrics},
  author={Orbanz, Peter},
  journal={Journal of Mathematical Psychology},
  volume={56},
  pages={1--12},
  year={2012}
}

@article{cao2009density,
  title={A density-based method for adaptive LDA model selection},
  author={Cao, Juan and Xia, Tian and Li, Jintao and Zhang, Yongdong and Tang, Sheng},
  journal={Neurocomputing},
  volume={72},
  number={7-9},
  pages={1775--1781},
  year={2009},
  publisher={Elsevier}
}

@article{deveaud2014accurate,
  title={Accurate and effective latent concept modeling for ad hoc information retrieval},
  author={Deveaud, Romain and SanJuan, Eric and Bellot, Patrice},
  journal={Document num{\'e}rique},
  volume={17},
  number={1},
  pages={61--84},
  year={2014},
  publisher={Lavoisier}
}

@inproceedings{arun2010finding,
  title={On finding the natural number of topics with latent dirichlet allocation: Some observations},
  author={Arun, Rajkumar and Suresh, Venkatasubramaniyan and Madhavan, CE Veni and Murthy, MN Narasimha},
  booktitle={Pacific-Asia conference on knowledge discovery and data mining},
  pages={391--402},
  year={2010},
  organization={Springer}
}

@article{zhang2017lda,
  title={En-lda: An novel approach to automatic bug report assignment with entropy optimized latent dirichlet allocation},
  author={Zhang, Wen and Cui, Yangbo and Yoshida, Taketoshi},
  journal={Entropy},
  volume={19},
  number={5},
  pages={173},
  year={2017},
  publisher={Multidisciplinary Digital Publishing Institute}
}
@book{manning2008introduction,
  title={Introduction to information retrieval},
  author={Manning, Christopher D and Sch{\"u}tze, Hinrich and Raghavan, Prabhakar},
  year={2008},
  publisher={Cambridge university press}
}

@article{forman2003extensive,
  title={An extensive empirical study of feature selection metrics for text classification},
  author={Forman, George},
  journal={Journal of machine learning research},
  volume={3},
  number={Mar},
  pages={1289--1305},
  year={2003}
}

@article{escobar1995bayesian,
  title={Bayesian density estimation and inference using mixtures},
  author={Escobar, Michael D and West, Mike},
  journal={Journal of the american statistical association},
  volume={90},
  number={430},
  pages={577--588},
  year={1995},
  publisher={Taylor \& Francis}
}

@article{andrieu2003introduction,
  title={An introduction to MCMC for machine learning},
  author={Andrieu, Christophe and De Freitas, Nando and Doucet, Arnaud and Jordan, Michael I},
  journal={Machine learning},
  volume={50},
  number={1-2},
  pages={5--43},
  year={2003},
  publisher={Springer}
}

@article{blei2017variational,
  title={Variational inference: A review for statisticians},
  author={Blei, David M and Kucukelbir, Alp and McAuliffe, Jon D},
  journal={Journal of the American statistical Association},
  volume={112},
  number={518},
  pages={859--877},
  year={2017},
  publisher={Taylor \& Francis}
}

@article{wilbur1992automatic,
  title={The automatic identification of stop words},
  author={Wilbur, W John and Sirotkin, Karl},
  journal={Journal of information science},
  volume={18},
  number={1},
  pages={45--55},
  year={1992},
  publisher={Sage Publications Sage CA: Thousand Oaks, CA}
}